<?xml version = "1.0" encoding = "UTF-8"?><OAI-PMH xmlns="http://www.openarchives.org/OAI/2.0/" xmlns:xsi="http://www.w3.org/2001/XMLSchema-instance" xsi:schemaLocation="http://www.openarchives.org/OAI/2.0/ http://www.openarchives.org/OAI/2.0/OAI-PMH.xsd"><ListRecords><record><header><identifier>aleph-publish:037112541</identifier></header><metadata><record xmlns="http://www.ddb.de/professionell/mabxml/mabxml-1.xsd"><leader>00000cM2.01200024------h</leader><controlfield tag="LDR">00000cM2.01200024------h</controlfield><controlfield tag="FMT">MH</controlfield><datafield tag="001" ind1="-" ind2="1"><subfield code="a">HT020919504</subfield></datafield><datafield tag="002" ind1="a" ind2="1"><subfield code="a">20210507</subfield></datafield><datafield tag="003" ind1="-" ind2="1"><subfield code="a">20230113</subfield></datafield><datafield tag="020" ind1="-" ind2="1"><subfield code="a">ELiSA-9783534405251</subfield><subfield code="b">ELiSA</subfield></datafield><datafield tag="026" ind1="-" ind2="1"><subfield code="a">HBZHT020919504</subfield></datafield><controlfield tag="030">a|||r||||||17</controlfield><datafield tag="036" ind1="a" ind2="1"><subfield code="a">XA-DE</subfield></datafield><datafield tag="037" ind1="b" ind2="1"><subfield code="a">ger</subfield></datafield><controlfield tag="050">a|||||||||||||</controlfield><controlfield tag="051">m|||||||</controlfield><datafield tag="060" ind1="-" ind2="1"><subfield code="b">txt</subfield><subfield code="a">Text</subfield></datafield><datafield tag="061" ind1="-" ind2="1"><subfield code="b">n</subfield><subfield code="a">ohne Hilfsmittel zu benutzen</subfield></datafield><datafield tag="062" ind1="-" ind2="1"><subfield code="b">nc</subfield><subfield code="a">Band</subfield></datafield><datafield tag="070" ind1="-" ind2="1"><subfield code="a">DE-605</subfield></datafield><datafield tag="070" ind1="a" ind2="1"><subfield code="a">HBZ/BA</subfield></datafield><datafield tag="070" ind1="b" ind2="1"><subfield code="a">361</subfield></datafield><datafield tag="080" ind1="-" ind2="1"><subfield code="a">60</subfield></datafield><datafield tag="084" ind1="s" ind2="1"><subfield code="F">008</subfield><subfield code="A">210507|2021####gw############|||#|#ger#c</subfield></datafield><datafield tag="100" ind1="-" ind2="1"><subfield code="p">Siegrist, Johannes</subfield><subfield code="d">1943-</subfield><subfield code="9">(DE-588)123688957</subfield></datafield><datafield tag="101" ind1="-" ind2="1"><subfield code="p">Siegrist-Hendel-Kramer, ...</subfield><subfield code="d">1943-</subfield></datafield><datafield tag="101" ind1="-" ind2="1"><subfield code="p">Siegrist, J.</subfield><subfield code="d">1943-</subfield></datafield><datafield tag="331" ind1="-" ind2="1"><subfield code="a">Gesundheit für alle?</subfield></datafield><datafield tag="335" ind1="-" ind2="1"><subfield code="a">die Herausforderung sozialer Ungleichheit</subfield></datafield><datafield tag="359" ind1="-" ind2="1"><subfield code="a">Johannes Siegrist</subfield></datafield><datafield tag="419" ind1="-" ind2="1"><subfield code="a">Darmstadt</subfield><subfield code="b">wbg Academic</subfield><subfield code="c">[2021]</subfield></datafield><datafield tag="419" ind1="d" ind2="1"><subfield code="c">© 2021</subfield></datafield><datafield tag="425" ind1="a" ind2="1"><subfield code="a">2021</subfield></datafield><datafield tag="433" ind1="-" ind2="1"><subfield code="a">267 Seiten</subfield></datafield><datafield tag="434" ind1="-" ind2="1"><subfield code="a">Diagramme</subfield></datafield><datafield tag="435" ind1="-" ind2="1"><subfield code="a">210 mm.</subfield></datafield><datafield tag="501" ind1="-" ind2="1"><subfield code="a">Literaturverzeichnis: Seite 215-248</subfield></datafield><datafield tag="540" ind1="a" ind2="1"><subfield code="a">978-3-534-40525-1</subfield><subfield code="b">Festeinband : EUR 34.00 (DE)</subfield></datafield><datafield tag="540" ind1="a" ind2="1"><subfield code="a">3-534-40525-0</subfield></datafield><datafield tag="553" ind1="a" ind2="1"><subfield code="a">9783534405251</subfield></datafield><datafield tag="655" ind1="e" ind2="1"><subfield code="m">B:DE-101</subfield><subfield code="q">application/pdf</subfield><subfield code="u">http://digitale-objekte.hbz-nrw.de/storage2/2021/11/04/file_7/9085597.pdf</subfield><subfield code="3">Inhaltsverzeichnis</subfield><subfield code="A">2</subfield></datafield><datafield tag="710" ind1="a" ind2="1"><subfield code="a">Altern</subfield></datafield><datafield tag="710" ind1="a" ind2="1"><subfield code="a">Berufliche Stellung</subfield></datafield><datafield tag="710" ind1="a" ind2="1"><subfield code="a">Bildung</subfield></datafield><datafield tag="710" ind1="a" ind2="1"><subfield code="a">Einkommensungleichheit</subfield></datafield><datafield tag="710" ind1="a" ind2="1"><subfield code="a">Gesundheit</subfield></datafield><datafield tag="710" ind1="a" ind2="1"><subfield code="a">Gesundheitspolitik</subfield></datafield><datafield tag="710" ind1="a" ind2="1"><subfield code="a">Krankheit</subfield></datafield><datafield tag="710" ind1="a" ind2="1"><subfield code="a">Soziale Benachteiligung</subfield></datafield><datafield tag="710" ind1="a" ind2="1"><subfield code="a">Soziale Gerechtigkeit</subfield></datafield><datafield tag="720" ind1="-" ind2="1"><subfield code="a">Soziale Ungleichheit, Armut, Rassismus</subfield></datafield><datafield tag="720" ind1="-" ind2="1"><subfield code="a">Gesundheitssoziologie, Medizinsoziologie</subfield></datafield><datafield tag="720" ind1="-" ind2="1"><subfield code="a">Wirtschaftssoziologie, Arbeitssoziologie, Organisationssoziologie</subfield></datafield><datafield tag="776" ind1="-" ind2="1"><subfield code="i">Erscheint auch als</subfield><subfield code="n">Online-Ausgabe (PDF)</subfield><subfield code="z">978-3-534-40527-5</subfield><subfield code="9">HT021301025</subfield><subfield code="t">Gesundheit für alle?</subfield><subfield code="a">Siegrist, Johannes, 1943-</subfield></datafield><datafield tag="776" ind1="-" ind2="1"><subfield code="i">Erscheint auch als</subfield><subfield code="n">Online-Ausgabe (epub)</subfield><subfield code="z">978-3-40526-8</subfield></datafield><datafield tag="902" ind1="-" ind2="1"><subfield code="s">Soziale Ungleichheit</subfield><subfield code="9">(DE-588)4055736-4</subfield></datafield><datafield tag="902" ind1="-" ind2="1"><subfield code="s">Gesundheit</subfield><subfield code="9">(DE-588)4020754-7</subfield></datafield><datafield tag="902" ind1="-" ind2="1"><subfield code="s">Teilhabe</subfield><subfield code="9">(DE-588)4134681-6</subfield></datafield><datafield tag="902" ind1="-" ind2="1"><subfield code="s">Gesundheitswesen</subfield><subfield code="9">(DE-588)4020775-4</subfield></datafield><datafield tag="902" ind1="-" ind2="1"><subfield code="s">Gesundheitspolitik</subfield><subfield code="9">(DE-588)4113743-7</subfield></datafield><datafield tag="902" ind1="-" ind2="1"><subfield code="s">Sozialer Friede</subfield><subfield code="9">(DE-588)4181939-1</subfield></datafield><controlfield tag="SYS">037112541</controlfield><datafield tag="LOW" ind1="-" ind2="1"><subfield code="a">KM001</subfield></datafield><datafield tag="LOW" ind1="-" ind2="1"><subfield code="a">O9007</subfield></datafield><datafield tag="952" ind1="-" ind2="1"><subfield code="s">Gesellschaftliche Ungleichheit</subfield></datafield><datafield tag="952" ind1="-" ind2="1"><subfield code="s">Sozialer Unterschied</subfield></datafield><datafield tag="952" ind1="-" ind2="1"><subfield code="s">Soziale Differenz</subfield></datafield><datafield tag="952" ind1="-" ind2="1"><subfield code="s">Gesundheitsstatus</subfield></datafield><datafield tag="952" ind1="-" ind2="1"><subfield code="s">Gesundheitszustand</subfield></datafield><datafield tag="952" ind1="-" ind2="1"><subfield code="s">Methexis</subfield></datafield><datafield tag="952" ind1="-" ind2="1"><subfield code="s">Partizipation</subfield><subfield code="h">Philosophie</subfield></datafield><datafield tag="952" ind1="-" ind2="1"><subfield code="s">Gesundheitsdienst</subfield></datafield><datafield tag="952" ind1="-" ind2="1"><subfield code="s">Gesundheitssystem</subfield></datafield><datafield tag="952" ind1="-" ind2="1"><subfield code="s">Gesundheitswirtschaft</subfield></datafield><datafield tag="952" ind1="-" ind2="1"><subfield code="s">Medizinalwesen</subfield></datafield><datafield tag="952" ind1="-" ind2="1"><subfield code="s">Medizinalsystem</subfield></datafield><datafield tag="952" ind1="-" ind2="1"><subfield code="s">Gesundheit</subfield><subfield code="x">Politik</subfield></datafield><datafield tag="088" ind1=" " ind2=" "><subfield code="a">38 M</subfield><subfield code="b">00000055</subfield><subfield code="c">2021 A 1330</subfield><subfield code="e">ILL Ausleihe</subfield></datafield><datafield tag="088" ind1=" " ind2=" "><subfield code="a">Bo 404</subfield><subfield code="b">00150000</subfield><subfield code="c">15.09 SIEG 2021.01</subfield><subfield code="e">keine ILL</subfield></datafield><datafield tag="088" ind1=" " ind2=" "><subfield code="a">6/164</subfield><subfield code="c">31 u S 1698</subfield><subfield code="e">keine Angabe</subfield></datafield><datafield tag="088" ind1=" " ind2=" "><subfield code="a">361</subfield><subfield code="b">23_Mo</subfield><subfield code="c">RQ240 S571</subfield><subfield code="e">ILL Kopie+Ausl.</subfield></datafield><datafield tag="088" ind1=" " ind2=" "><subfield code="a">Dm 13</subfield><subfield code="c">ORU 105</subfield><subfield code="e">keine Angabe</subfield></datafield><datafield tag="088" ind1=" " ind2=" "><subfield code="a">1116</subfield><subfield code="b">X0001</subfield><subfield code="c">MS 6020 0028</subfield><subfield code="e">Monographie</subfield></datafield><datafield tag="088" ind1=" " ind2=" "><subfield code="a">Bi 10</subfield><subfield code="c">ODR Sieg</subfield><subfield code="e">kA</subfield></datafield><datafield tag="088" ind1=" " ind2=" "><subfield code="a">465</subfield><subfield code="b">D01</subfield><subfield code="c">ORU4244</subfield><subfield code="e">Ausleihbestand</subfield></datafield><datafield tag="088" ind1=" " ind2=" "><subfield code="a">38 M</subfield></datafield></record></metadata></record></ListRecords></OAI-PMH>